@INBOOK{5396818,  author={A. W. {Scott} and R. {Frobenius}},  booktitle={RF Measurements for Cellular Phones and Wireless Data Systems},   title={Multiple Access Techniques: FDMA, TDMA, AND CDMA},   year={2008},  volume={},  number={},  pages={413-429},  doi={10.1002/9780470378014.ch30}}